@ARTICLE {to2015burst,
    author    = "To, Hoang-Linh and Lee, Suk-Hwan and Hwang, Won-Joo",
    title     = "A burst loss probability model with impatient customer feature for optical burst switching networks",
    journal   = "International Journal of Communication Systems",
    year      = "2015",
    volume    = "28",
    number    = "11",
    pages     = "1729--1740",
    publisher = "John Wiley \\& Sons, Ltd"
}
@ARTICLE {linh2013feedback,
    author    = "Linh, To Hoang and Yoon, Gwi-Ok and Nam, Jae-Hyun and Solongo, Ganbold and Hwang, Won-Joo",
    title     = "Feedback Burst Loss Ratio Control for Link Performance Improvement in Optical Burst Switching Networks",
    journal   = "Journal of Korea Multimedia Society",
    year      = "2013",
    volume    = "16",
    number    = "9",
    pages     = "1067--1076",
    publisher = "Korea Multimedia Society"
}
@ARTICLE {to2015cascade,
    author    = "To, Hoang-Linh and Thi, Thuyen Minh and Hwang, Won-Joo",
    title     = "Cascade Probability Control to Mitigate Bufferbloat under Multiple Real-World TCP Stacks",
    journal   = "Mathematical Problems in Engineering",
    year      = "2015",
    volume    = "2015",
    number    = "Control Problem of Nonlinear Systems",
    pages     = "1--13",
    publisher = "Hindawi Publishing Corporation"
}
@ARTICLE {pham2015multi,
    author    = "Pham, Quoc-Viet and To, Hoang-Linh and Hwang, Won-Joo",
    title     = "A multi-timescale cross-layer approach for wireless ad hoc networks",
    journal   = "Computer Networks",
    year      = "2015",
    volume    = "91",
    pages     = "471--482",
    publisher = "Elsevier"
}
@ARTICLE {radwan2016optimal,
    author    = "Radwan, Amr and To, Hoang-Linh and Hwang, Won-Joo",
    title     = "Optimal Control for Bufferbloat Queue Management using Indirect Method with Parametric Optimization",
    journal   = "Scientific Programming",
    year      = "2016",
    volume    = "2016",
    number    = "Optimization Models and Algorithms",
    pages     = "1--10",
    publisher = "Hindawi Publishing Corporation"
}
@ARTICLE {kim2016infinite,
    author    = "Kim, Ku-Hwan and To, Hoang-Linh and Hwang, Won-Joo and Lee, Jung-Tae",
    title     = "Infinite Queue Management via Cascade Control for Industrial Routers in Smart Grid IP Networks",
    journal   = "Scientific Programming",
    year      = "2016",
    volume    = "2016",
    number    = "SP towards a Smart World",
    pages     = "1--10",
    publisher = "Hindawi Publishing Corporation"
}
@PHDTHESIS {tohoanglinh2016,
    author   = "To, Hoang-Linh",
    title    = "Control Frameworks for Queue Management in Bufferbloated Networks",
    school   = "Inje University",
    year     = "2016",
    address  = "South Korea",
    url      = "http://www.dcollection.net/handler/inje/000000011422",
    abstract = "This thesis proposes two novel control schemes for managing large queue in network devices: cascade (CC-AQM) and optimal (OC-AQM). Through evaluating those algorithms in network routers (simulations, experiments), we successfully manage queueing performance as small as possible by smartly dropping packets."
}
@MASTERSTHESIS {tohoanglinh2013,
    author   = "To, Hoang-Linh",
    title    = "Burst Traffic Management Schemes for Quality of Service in Optical Burst Switching Network",
    school   = "Inje University",
    year     = "2013",
    address  = "South Korea",
    url      = "http://www.dcollection.net/handler/inje/000000008236",
    abstract = "This thesis proposes different schemes for managing optical burst traffic in bursty environment of future internet. Based on queuing and control theory, we discover loss probability of optical data burst in OMNeT++ simulation framework."
}
@MASTERSTHESIS {tohoanglinh2009,
    author   = "To, Hoang-Linh",
    type     = "Bachelor's thesis",
    title    = "Design a 400-Hz 3-phase Sinusoidal AC Power Unit",
    school   = "Hanoi University of Science and Technology",
    year     = "2009",
    address  = "Viet Nam",
    abstract = "This thesis focuses on designing of an AC power unit with a special frequency400-Hz. We develop a model in MATLAB and an experiment board (dsPIC30F4011)for creating 400-Hz sine wave by PWM by controlling high-power thyristors."
}